@article{胡江平铁基,
	title={铁基超导中拓扑量子态研究进展},
	author={郝宁 and 胡江平},
	journal={物理学报},
	volume={67},
	number={11},
	pages={117101},
	year={2018}
}

@article{zhang2019multiple,
	title={Multiple topological states in iron-based superconductors},
	author={Zhang, Peng and Wang, Zhijun and Wu, Xianxin and Yaji, Koichiro and Ishida, Yukiaki and Kohama, Yoshimitsu and Dai, Guangyang and Sun, Yue and Bareille, Cedric and Kuroda, Kenta and others},
	journal={Nature Physics},
	volume={15},
	number={1},
	pages={41--47},
	year={2019},
	publisher={Nature Publishing Group}
}

@article{PhysRevLett.107.097001,
	title = {Majorana Modes at the Ends of Superconductor Vortices in Doped Topological Insulators},
	author = {Hosur, Pavan and Ghaemi, Pouyan and Mong, Roger S. K. and Vishwanath, Ashvin},
	journal = {Phys. Rev. Lett.},
	volume = {107},
	issue = {9},
	pages = {097001},
	numpages = {5},
	year = {2011},
	month = {Aug},
	publisher = {American Physical Society},
	doi = {10.1103/PhysRevLett.107.097001},
	url = {https://link.aps.org/doi/10.1103/PhysRevLett.107.097001}
}



